% Optional fields: author, title, howpublished, month, year, note
@MISC{VirtualArena,
	author = {Visual Solutions},
	title = {B2|Virtual Arena},
	year = 2014,
	url = {http://www.bbvisuals.com/index.php?site=2&page=75.125},
	urldate = {20-03-2014}
}