@misc{Ronny722010Adaptive,
	author = {Ronny72},
	copyright = {© All Rights Reserved},
	title = {Adaptive Video Streaming},
	url = {http://www.slideshare.net/Ronny72/adaptive-video-streaming?from\_search=6},
	year = 2010
}

@misc{Ivov2013Ice,
	author = {Ivov, Emil},
	journal = {webrtcHacks},
	title = {ICE always tastes better when it trickles! (Emil Ivov)},
	url = {http://webrtchacks.com/trickle-ice/},
	year = 2013
}

@misc{Ronny2010Adaptive,
	author = {Ronny},
	copyright = {© All Rights Reserved},
	title = {Adaptive Video Streaming},
	url = {http://www.slideshare.net/Ronny72/adaptive-video-streaming?from\_search=6},
	year = 2010
}
@book{Grigorik2013High,
	author = {Grigorik, Ilya},
	isbn = 9781449344740,
	language = {en},
	publisher = {O'Reilly Media, Inc.},
	shorttitle = {High Performance Browser Networking},
	title = {High Performance Browser Networking: What Every Web Developer Should Know about Networking and Web Performance},
	year = 2013
}
